<?xml version="1.0" encoding="UTF-8"?><collection xmlns="http://www.loc.gov/MARC21/slim"><record><leader>00731nam--2200193-i-4500</leader><controlfield tag="001">000048781</controlfield><controlfield tag="002">20161230</controlfield><controlfield tag="005">20161230201047</controlfield><controlfield tag="008">060222s1000------------r-----000-0-eng-d</controlfield><datafield ind1=" " ind2=" " tag="020"><subfield code="a">9971503026</subfield></datafield><datafield ind1=" " ind2=" " tag="040"><subfield code="a">IFIN-HH</subfield></datafield><datafield ind1=" " ind2=" " tag="080"><subfield code="a">539.12.01(061.3)</subfield></datafield><datafield ind1="1" ind2=" " tag="100"><subfield code="a">Cameron, J. M</subfield></datafield><datafield ind1="1" ind2="0" tag="245"><subfield code="a">Selected topics in electroweak interactions</subfield><subfield code="b">Proceedings of the second lake louise winter institute on new frontiers in particle physics chateau lake louise, canada, 15-21 february 1987</subfield><subfield code="c">J.m. cameron, b.a. campbell, a.n. kamal, f.c. khanna, j. ng, j.-m. poutissou (eds.)</subfield></datafield><datafield ind1=" " ind2=" " tag="260"><subfield code="a">Singapore</subfield><subfield code="b">World Scientific</subfield><subfield code="c">1987</subfield></datafield><datafield ind1=" " ind2=" " tag="300"><subfield code="a">VII + 616P</subfield></datafield><datafield ind1="1" ind2=" " tag="700"><subfield code="a">Poutissou, J.-m</subfield><subfield code="e">Ed</subfield></datafield><datafield ind1=" " ind2=" " tag="852"><subfield code="a">79749</subfield><subfield code="c">539.12</subfield></datafield><datafield ind1=" " ind2=" " tag="CAT"><subfield code="a">Sys</subfield><subfield code="c">20120201</subfield><subfield code="h">161328</subfield></datafield></record></collection>